<record><leader>00000cas a22000007a 4500</leader><controlfield tag="001">11434395</controlfield><controlfield tag="008">841129d185418uuohuwr ne      0   a0eng d</controlfield><controlfield tag="009">3770</controlfield><datafield ind1=" " ind2=" " tag="010"><subfield code="a">sn 84025001 </subfield></datafield><datafield ind1=" " ind2=" " tag="040"><subfield code="a">NPV</subfield><subfield code="b">eng</subfield><subfield code="c">NPV</subfield><subfield code="d">ONP</subfield><subfield code="d">OCLCQ</subfield></datafield><datafield ind1=" " ind2=" " tag="042"><subfield code="a">msc</subfield></datafield><datafield ind1="0" ind2="0" tag="245"><subfield code="a">Ohio statesman and Democrat.</subfield></datafield><datafield ind1=" " ind2=" " tag="260"><subfield code="a">Columbus :</subfield><subfield code="b">Franklin Print. Co.,</subfield><subfield code="c">1854-</subfield></datafield><datafield ind1=" " ind2=" " tag="300"><subfield code="a">v. ;</subfield><subfield code="c">67 cm.</subfield></datafield><datafield ind1=" " ind2=" " tag="310"><subfield code="a">Weekly</subfield></datafield><datafield ind1="0" ind2=" " tag="362"><subfield code="a">New ser., vol. 1, no. 1 (June 1, 1854)-</subfield></datafield><datafield ind1=" " ind2=" " tag="752"><subfield code="a">United States</subfield><subfield code="b">Ohio</subfield><subfield code="c">Franklin</subfield><subfield code="d">Columbus.</subfield></datafield><datafield ind1="0" ind2=" " tag="775"><subfield code="t">Daily Ohio statesman and Democrat</subfield><subfield code="w">(DLC)sn 84028644</subfield></datafield><datafield ind1="0" ind2=" " tag="775"><subfield code="t">Tri-weekly Ohio statesman (Columbus, Ohio : 1844)</subfield><subfield code="w">(DLC)sn 84028642</subfield></datafield><datafield ind1="0" ind2=" " tag="775"><subfield code="t">Weekly Ohio statesman</subfield><subfield code="w">(DLC)sn 84028639</subfield></datafield></record>